%YAML 1.1
%TAG !u! tag:unity3d.com,2011:
--- !u!1 &8032103667091782170
GameObject:
  m_ObjectHideFlags: 0
  m_CorrespondingSourceObject: {fileID: 0}
  m_PrefabInstance: {fileID: 0}
  m_PrefabAsset: {fileID: 0}
  serializedVersion: 6
  m_Component:
  - component: {fileID: 8032103667091782173}
  - component: {fileID: 8032103667091782174}
  - component: {fileID: 8032103667091782175}
  - component: {fileID: 8032103667091782168}
  - component: {fileID: 8032103667091782169}
  m_Layer: 0
  m_Name: WallTile
  m_TagString: Untagged
  m_Icon: {fileID: 0}
  m_NavMeshLayer: 0
  m_StaticEditorFlags: 4294967295
  m_IsActive: 1
--- !u!4 &8032103667091782173
Transform:
  m_ObjectHideFlags: 0
  m_CorrespondingSourceObject: {fileID: 0}
  m_PrefabInstance: {fileID: 0}
  m_PrefabAsset: {fileID: 0}
  m_GameObject: {fileID: 8032103667091782170}
  m_LocalRotation: {x: 0, y: 0, z: 0, w: 1}
  m_LocalPosition: {x: -6.691531, y: -4.26, z: -15.376804}
  m_LocalScale: {x: 4, y: 1, z: 6}
  m_Children: []
  m_Father: {fileID: 0}
  m_RootOrder: 0
  m_LocalEulerAnglesHint: {x: 0, y: 0, z: 0}
--- !u!114 &8032103667091782174
MonoBehaviour:
  m_ObjectHideFlags: 0
  m_CorrespondingSourceObject: {fileID: 0}
  m_PrefabInstance: {fileID: 0}
  m_PrefabAsset: {fileID: 0}
  m_GameObject: {fileID: 8032103667091782170}
  m_Enabled: 1
  m_EditorHideFlags: 0
  m_Script: {fileID: 11500000, guid: 8233d90336aea43098adf6dbabd606a2, type: 3}
  m_Name: 
  m_EditorClassIdentifier: 
  m_MeshFormatVersion: 1
  m_Faces:
  - m_Indexes: 000000000100000002000000010000000300000002000000
    m_SmoothingGroup: 0
    m_Uv:
      m_UseWorldSpace: 0
      m_FlipU: 0
      m_FlipV: 0
      m_SwapUV: 0
      m_Fill: 1
      m_Scale: {x: 1, y: 1}
      m_Offset: {x: 0, y: 0}
      m_Rotation: 0
      m_Anchor: 9
    m_Material: {fileID: 0}
    m_SubmeshIndex: 2
    m_ManualUV: 1
    elementGroup: -1
    m_TextureGroup: -1
  - m_Indexes: 040000000500000006000000050000000700000006000000
    m_SmoothingGroup: 0
    m_Uv:
      m_UseWorldSpace: 0
      m_FlipU: 0
      m_FlipV: 0
      m_SwapUV: 0
      m_Fill: 1
      m_Scale: {x: 1, y: 1}
      m_Offset: {x: 0, y: 0}
      m_Rotation: 0
      m_Anchor: 9
    m_Material: {fileID: 0}
    m_SubmeshIndex: 0
    m_ManualUV: 1
    elementGroup: -1
    m_TextureGroup: -1
  - m_Indexes: 08000000090000000a000000090000000b0000000a000000
    m_SmoothingGroup: 0
    m_Uv:
      m_UseWorldSpace: 0
      m_FlipU: 0
      m_FlipV: 0
      m_SwapUV: 0
      m_Fill: 1
      m_Scale: {x: 1, y: 1}
      m_Offset: {x: 0, y: 0}
      m_Rotation: 0
      m_Anchor: 9
    m_Material: {fileID: 0}
    m_SubmeshIndex: 2
    m_ManualUV: 1
    elementGroup: -1
    m_TextureGroup: -1
  - m_Indexes: 0c0000000d0000000e0000000d0000000f0000000e000000
    m_SmoothingGroup: 0
    m_Uv:
      m_UseWorldSpace: 0
      m_FlipU: 0
      m_FlipV: 0
      m_SwapUV: 0
      m_Fill: 1
      m_Scale: {x: 1, y: 1}
      m_Offset: {x: 0, y: 0}
      m_Rotation: 0
      m_Anchor: 9
    m_Material: {fileID: 0}
    m_SubmeshIndex: 1
    m_ManualUV: 1
    elementGroup: -1
    m_TextureGroup: -1
  - m_Indexes: 100000001100000012000000110000001300000012000000
    m_SmoothingGroup: 0
    m_Uv:
      m_UseWorldSpace: 0
      m_FlipU: 0
      m_FlipV: 0
      m_SwapUV: 0
      m_Fill: 1
      m_Scale: {x: 1, y: 1}
      m_Offset: {x: 0, y: 0}
      m_Rotation: 0
      m_Anchor: 9
    m_Material: {fileID: 0}
    m_SubmeshIndex: 2
    m_ManualUV: 1
    elementGroup: -1
    m_TextureGroup: -1
  - m_Indexes: 140000001500000016000000150000001700000016000000
    m_SmoothingGroup: 0
    m_Uv:
      m_UseWorldSpace: 0
      m_FlipU: 0
      m_FlipV: 0
      m_SwapUV: 0
      m_Fill: 1
      m_Scale: {x: 1, y: 1}
      m_Offset: {x: 0, y: 0}
      m_Rotation: 0
      m_Anchor: 9
    m_Material: {fileID: 0}
    m_SubmeshIndex: 2
    m_ManualUV: 1
    elementGroup: -1
    m_TextureGroup: -1
  - m_Indexes: 1a00000019000000180000001a0000001b00000019000000
    m_SmoothingGroup: -1
    m_Uv:
      m_UseWorldSpace: 0
      m_FlipU: 0
      m_FlipV: 0
      m_SwapUV: 0
      m_Fill: 1
      m_Scale: {x: 1, y: 1}
      m_Offset: {x: 0, y: 0}
      m_Rotation: 0
      m_Anchor: 9
    m_Material: {fileID: 0}
    m_SubmeshIndex: 2
    m_ManualUV: 0
    elementGroup: -1
    m_TextureGroup: -1
  - m_Indexes: 1e0000001d0000001c0000001e0000001f0000001d000000
    m_SmoothingGroup: -1
    m_Uv:
      m_UseWorldSpace: 0
      m_FlipU: 0
      m_FlipV: 0
      m_SwapUV: 0
      m_Fill: 1
      m_Scale: {x: 1, y: 1}
      m_Offset: {x: 0, y: 0}
      m_Rotation: 0
      m_Anchor: 9
    m_Material: {fileID: 0}
    m_SubmeshIndex: 1
    m_ManualUV: 0
    elementGroup: -1
    m_TextureGroup: -1
  - m_Indexes: 220000002100000020000000220000002300000021000000
    m_SmoothingGroup: -1
    m_Uv:
      m_UseWorldSpace: 0
      m_FlipU: 0
      m_FlipV: 0
      m_SwapUV: 0
      m_Fill: 1
      m_Scale: {x: 1, y: 1}
      m_Offset: {x: 0, y: 0}
      m_Rotation: 0
      m_Anchor: 9
    m_Material: {fileID: 0}
    m_SubmeshIndex: 1
    m_ManualUV: 0
    elementGroup: -1
    m_TextureGroup: -1
  - m_Indexes: 260000002500000024000000260000002700000025000000
    m_SmoothingGroup: -1
    m_Uv:
      m_UseWorldSpace: 0
      m_FlipU: 0
      m_FlipV: 0
      m_SwapUV: 0
      m_Fill: 1
      m_Scale: {x: 1, y: 1}
      m_Offset: {x: 0, y: 0}
      m_Rotation: 0
      m_Anchor: 9
    m_Material: {fileID: 0}
    m_SubmeshIndex: 2
    m_ManualUV: 0
    elementGroup: -1
    m_TextureGroup: -1
  - m_Indexes: 2a00000029000000280000002a0000002b00000029000000
    m_SmoothingGroup: -1
    m_Uv:
      m_UseWorldSpace: 0
      m_FlipU: 0
      m_FlipV: 0
      m_SwapUV: 0
      m_Fill: 1
      m_Scale: {x: 1, y: 1}
      m_Offset: {x: 0, y: 0}
      m_Rotation: 0
      m_Anchor: 9
    m_Material: {fileID: 0}
    m_SubmeshIndex: 1
    m_ManualUV: 0
    elementGroup: -1
    m_TextureGroup: -1
  - m_Indexes: 2e0000002d0000002c0000002e0000002f0000002d000000
    m_SmoothingGroup: -1
    m_Uv:
      m_UseWorldSpace: 0
      m_FlipU: 0
      m_FlipV: 0
      m_SwapUV: 0
      m_Fill: 1
      m_Scale: {x: 1, y: 1}
      m_Offset: {x: 0, y: 0}
      m_Rotation: 0
      m_Anchor: 9
    m_Material: {fileID: 0}
    m_SubmeshIndex: 1
    m_ManualUV: 0
    elementGroup: -1
    m_TextureGroup: -1
  - m_Indexes: 320000003100000030000000320000003300000031000000
    m_SmoothingGroup: -1
    m_Uv:
      m_UseWorldSpace: 0
      m_FlipU: 0
      m_FlipV: 0
      m_SwapUV: 0
      m_Fill: 1
      m_Scale: {x: 1, y: 1}
      m_Offset: {x: 0, y: 0}
      m_Rotation: 0
      m_Anchor: 9
    m_Material: {fileID: 0}
    m_SubmeshIndex: 1
    m_ManualUV: 0
    elementGroup: -1
    m_TextureGroup: -1
  - m_Indexes: 360000003500000034000000360000003700000035000000
    m_SmoothingGroup: -1
    m_Uv:
      m_UseWorldSpace: 0
      m_FlipU: 0
      m_FlipV: 0
      m_SwapUV: 0
      m_Fill: 1
      m_Scale: {x: 1, y: 1}
      m_Offset: {x: 0, y: 0}
      m_Rotation: 0
      m_Anchor: 9
    m_Material: {fileID: 0}
    m_SubmeshIndex: 2
    m_ManualUV: 0
    elementGroup: -1
    m_TextureGroup: -1
  - m_Indexes: 3a00000039000000380000003a0000003b00000039000000
    m_SmoothingGroup: -1
    m_Uv:
      m_UseWorldSpace: 0
      m_FlipU: 0
      m_FlipV: 0
      m_SwapUV: 0
      m_Fill: 1
      m_Scale: {x: 1, y: 1}
      m_Offset: {x: 0, y: 0}
      m_Rotation: 0
      m_Anchor: 9
    m_Material: {fileID: 0}
    m_SubmeshIndex: 1
    m_ManualUV: 0
    elementGroup: -1
    m_TextureGroup: -1
  - m_Indexes: 3e0000003d0000003c0000003e0000003f0000003d000000
    m_SmoothingGroup: -1
    m_Uv:
      m_UseWorldSpace: 0
      m_FlipU: 0
      m_FlipV: 0
      m_SwapUV: 0
      m_Fill: 1
      m_Scale: {x: 1, y: 1}
      m_Offset: {x: 0, y: 0}
      m_Rotation: 0
      m_Anchor: 9
    m_Material: {fileID: 0}
    m_SubmeshIndex: 2
    m_ManualUV: 0
    elementGroup: -1
    m_TextureGroup: -1
  - m_Indexes: 420000004100000040000000420000004300000041000000
    m_SmoothingGroup: -1
    m_Uv:
      m_UseWorldSpace: 0
      m_FlipU: 0
      m_FlipV: 0
      m_SwapUV: 0
      m_Fill: 1
      m_Scale: {x: 1, y: 1}
      m_Offset: {x: 0, y: 0}
      m_Rotation: 0
      m_Anchor: 9
    m_Material: {fileID: 0}
    m_SubmeshIndex: 1
    m_ManualUV: 0
    elementGroup: -1
    m_TextureGroup: -1
  - m_Indexes: 460000004500000044000000460000004700000045000000
    m_SmoothingGroup: -1
    m_Uv:
      m_UseWorldSpace: 0
      m_FlipU: 0
      m_FlipV: 0
      m_SwapUV: 0
      m_Fill: 1
      m_Scale: {x: 1, y: 1}
      m_Offset: {x: 0, y: 0}
      m_Rotation: 0
      m_Anchor: 9
    m_Material: {fileID: 0}
    m_SubmeshIndex: 1
    m_ManualUV: 0
    elementGroup: -1
    m_TextureGroup: -1
  - m_Indexes: 4a0000004900000048000000
    m_SmoothingGroup: 0
    m_Uv:
      m_UseWorldSpace: 0
      m_FlipU: 0
      m_FlipV: 0
      m_SwapUV: 0
      m_Fill: 1
      m_Scale: {x: 1, y: 1}
      m_Offset: {x: 0, y: 0}
      m_Rotation: 0
      m_Anchor: 9
    m_Material: {fileID: 2100000, guid: 31321ba15b8f8eb4c954353edc038b1d, type: 2}
    m_SubmeshIndex: 1
    m_ManualUV: 0
    elementGroup: 0
    m_TextureGroup: -1
  - m_Indexes: 4b0000004c0000004d000000
    m_SmoothingGroup: 0
    m_Uv:
      m_UseWorldSpace: 0
      m_FlipU: 0
      m_FlipV: 0
      m_SwapUV: 0
      m_Fill: 1
      m_Scale: {x: 1, y: 1}
      m_Offset: {x: 0, y: 0}
      m_Rotation: 0
      m_Anchor: 9
    m_Material: {fileID: 2100000, guid: 31321ba15b8f8eb4c954353edc038b1d, type: 2}
    m_SubmeshIndex: 1
    m_ManualUV: 0
    elementGroup: 0
    m_TextureGroup: -1
  - m_Indexes: 500000004f0000004e000000
    m_SmoothingGroup: 0
    m_Uv:
      m_UseWorldSpace: 0
      m_FlipU: 0
      m_FlipV: 0
      m_SwapUV: 0
      m_Fill: 1
      m_Scale: {x: 1, y: 1}
      m_Offset: {x: 0, y: 0}
      m_Rotation: 0
      m_Anchor: 9
    m_Material: {fileID: 2100000, guid: 31321ba15b8f8eb4c954353edc038b1d, type: 2}
    m_SubmeshIndex: 1
    m_ManualUV: 0
    elementGroup: 0
    m_TextureGroup: -1
  - m_Indexes: 510000005200000053000000
    m_SmoothingGroup: 0
    m_Uv:
      m_UseWorldSpace: 0
      m_FlipU: 0
      m_FlipV: 0
      m_SwapUV: 0
      m_Fill: 1
      m_Scale: {x: 1, y: 1}
      m_Offset: {x: 0, y: 0}
      m_Rotation: 0
      m_Anchor: 9
    m_Material: {fileID: 2100000, guid: 31321ba15b8f8eb4c954353edc038b1d, type: 2}
    m_SubmeshIndex: 1
    m_ManualUV: 0
    elementGroup: 0
    m_TextureGroup: -1
  - m_Indexes: 540000005500000056000000
    m_SmoothingGroup: 0
    m_Uv:
      m_UseWorldSpace: 0
      m_FlipU: 0
      m_FlipV: 0
      m_SwapUV: 0
      m_Fill: 1
      m_Scale: {x: 1, y: 1}
      m_Offset: {x: 0, y: 0}
      m_Rotation: 0
      m_Anchor: 9
    m_Material: {fileID: 2100000, guid: 31321ba15b8f8eb4c954353edc038b1d, type: 2}
    m_SubmeshIndex: 1
    m_ManualUV: 0
    elementGroup: 0
    m_TextureGroup: -1
  - m_Indexes: 570000005800000059000000
    m_SmoothingGroup: 0
    m_Uv:
      m_UseWorldSpace: 0
      m_FlipU: 0
      m_FlipV: 0
      m_SwapUV: 0
      m_Fill: 1
      m_Scale: {x: 1, y: 1}
      m_Offset: {x: 0, y: 0}
      m_Rotation: 0
      m_Anchor: 9
    m_Material: {fileID: 2100000, guid: 31321ba15b8f8eb4c954353edc038b1d, type: 2}
    m_SubmeshIndex: 1
    m_ManualUV: 0
    elementGroup: 0
    m_TextureGroup: -1
  - m_Indexes: 5a0000005b0000005c000000
    m_SmoothingGroup: 0
    m_Uv:
      m_UseWorldSpace: 0
      m_FlipU: 0
      m_FlipV: 0
      m_SwapUV: 0
      m_Fill: 1
      m_Scale: {x: 1, y: 1}
      m_Offset: {x: 0, y: 0}
      m_Rotation: 0
      m_Anchor: 9
    m_Material: {fileID: 2100000, guid: 31321ba15b8f8eb4c954353edc038b1d, type: 2}
    m_SubmeshIndex: 1
    m_ManualUV: 0
    elementGroup: 0
    m_TextureGroup: -1
  - m_Indexes: 5d0000005e0000005f000000
    m_SmoothingGroup: 0
    m_Uv:
      m_UseWorldSpace: 0
      m_FlipU: 0
      m_FlipV: 0
      m_SwapUV: 0
      m_Fill: 1
      m_Scale: {x: 1, y: 1}
      m_Offset: {x: 0, y: 0}
      m_Rotation: 0
      m_Anchor: 9
    m_Material: {fileID: 2100000, guid: 31321ba15b8f8eb4c954353edc038b1d, type: 2}
    m_SubmeshIndex: 1
    m_ManualUV: 0
    elementGroup: 0
    m_TextureGroup: -1
  - m_Indexes: 600000006100000062000000610000006300000062000000
    m_SmoothingGroup: 0
    m_Uv:
      m_UseWorldSpace: 0
      m_FlipU: 0
      m_FlipV: 0
      m_SwapUV: 0
      m_Fill: 1
      m_Scale: {x: 1, y: 1}
      m_Offset: {x: 0, y: 0}
      m_Rotation: 0
      m_Anchor: 9
    m_Material: {fileID: 0}
    m_SubmeshIndex: 1
    m_ManualUV: 0
    elementGroup: -1
    m_TextureGroup: -1
  - m_Indexes: 640000006500000066000000650000006700000066000000
    m_SmoothingGroup: 0
    m_Uv:
      m_UseWorldSpace: 0
      m_FlipU: 0
      m_FlipV: 0
      m_SwapUV: 0
      m_Fill: 1
      m_Scale: {x: 1, y: 1}
      m_Offset: {x: 0, y: 0}
      m_Rotation: 0
      m_Anchor: 9
    m_Material: {fileID: 0}
    m_SubmeshIndex: 1
    m_ManualUV: 0
    elementGroup: -1
    m_TextureGroup: -1
  - m_Indexes: 68000000690000006a000000690000006b0000006a000000
    m_SmoothingGroup: 0
    m_Uv:
      m_UseWorldSpace: 0
      m_FlipU: 0
      m_FlipV: 0
      m_SwapUV: 0
      m_Fill: 1
      m_Scale: {x: 1, y: 1}
      m_Offset: {x: 0, y: 0}
      m_Rotation: 0
      m_Anchor: 9
    m_Material: {fileID: 0}
    m_SubmeshIndex: 1
    m_ManualUV: 0
    elementGroup: -1
    m_TextureGroup: -1
  - m_Indexes: 6c0000006d0000006e0000006d0000006f0000006e000000
    m_SmoothingGroup: 0
    m_Uv:
      m_UseWorldSpace: 0
      m_FlipU: 0
      m_FlipV: 0
      m_SwapUV: 0
      m_Fill: 1
      m_Scale: {x: 1, y: 1}
      m_Offset: {x: 0, y: 0}
      m_Rotation: 0
      m_Anchor: 9
    m_Material: {fileID: 0}
    m_SubmeshIndex: 1
    m_ManualUV: 0
    elementGroup: -1
    m_TextureGroup: -1
  m_SharedVertices:
  - m_Vertices: 00000000180000001d00000048000000
  - m_Vertices: 0100000019000000200000004b000000
  - m_Vertices: 020000001c000000250000004e000000
  - m_Vertices: 03000000210000002400000051000000
  - m_Vertices: 040000006200000067000000
  - m_Vertices: 22000000280000004d0000006000000065000000
  - m_Vertices: 05000000630000006a000000
  - m_Vertices: 290000002c000000540000006100000068000000
  - m_Vertices: 06000000660000006f000000
  - m_Vertices: 230000003100000052000000640000006d000000
  - m_Vertices: 070000006b0000006e000000
  - m_Vertices: 2d0000003000000057000000690000006c000000
  - m_Vertices: 080000002e0000003400000056000000
  - m_Vertices: 0900000035000000380000005a000000
  - m_Vertices: 0a0000002f0000003d00000058000000
  - m_Vertices: 0b000000390000003c0000005d000000
  - m_Vertices: 0c0000003a000000400000005c000000
  - m_Vertices: 0d0000001f000000410000004a000000
  - m_Vertices: 0e0000003b000000450000005e000000
  - m_Vertices: 0f0000001e000000440000004f000000
  - m_Vertices: 10000000270000004600000050000000
  - m_Vertices: 11000000260000003300000053000000
  - m_Vertices: 120000003e000000470000005f000000
  - m_Vertices: 13000000320000003f00000059000000
  - m_Vertices: 1400000037000000420000005b000000
  - m_Vertices: 150000002b0000003600000055000000
  - m_Vertices: 160000001a0000004300000049000000
  - m_Vertices: 170000001b0000002a0000004c000000
  m_SharedTextures: []
  m_Positions:
  - {x: 0.02, y: 0.02, z: 0}
  - {x: 0.98, y: 0.02, z: 0}
  - {x: 0.02, y: 0.98, z: 0}
  - {x: 0.98, y: 0.98, z: 0}
  - {x: 1.0200491, y: -0.07038761, z: 0.021186598}
  - {x: 1.0200491, y: -0.07038761, z: -1.0211864}
  - {x: 1.0200493, y: 1.0703871, z: 0.021186598}
  - {x: 1.0200493, y: 1.0703871, z: -1.0211864}
  - {x: 0.98, y: 0.02, z: -1}
  - {x: 0.02, y: 0.02, z: -1}
  - {x: 0.98, y: 0.98, z: -1}
  - {x: 0.02, y: 0.98, z: -1}
  - {x: 0, y: 0.02, z: -0.98}
  - {x: 0, y: 0.02, z: -0.02}
  - {x: 0, y: 0.98, z: -0.98}
  - {x: 0, y: 0.98, z: -0.02}
  - {x: 0.02, y: 1, z: -0.02}
  - {x: 0.98, y: 1, z: -0.02}
  - {x: 0.02, y: 1, z: -0.98}
  - {x: 0.98, y: 1, z: -0.98}
  - {x: 0.02, y: 0, z: -0.98}
  - {x: 0.98, y: 0, z: -0.98}
  - {x: 0.02, y: 0, z: -0.02}
  - {x: 0.98, y: 0, z: -0.02}
  - {x: 0.02, y: 0.02, z: 0}
  - {x: 0.98, y: 0.02, z: 0}
  - {x: 0.02, y: 0, z: -0.02}
  - {x: 0.98, y: 0, z: -0.02}
  - {x: 0.02, y: 0.98, z: 0}
  - {x: 0.02, y: 0.02, z: 0}
  - {x: 0, y: 0.98, z: -0.02}
  - {x: 0, y: 0.02, z: -0.02}
  - {x: 0.98, y: 0.02, z: 0}
  - {x: 0.98, y: 0.98, z: 0}
  - {x: 0.99999994, y: -0.07038738, z: 0.02118644}
  - {x: 1.0000001, y: 1.0703874, z: 0.02118644}
  - {x: 0.98, y: 0.98, z: 0}
  - {x: 0.02, y: 0.98, z: 0}
  - {x: 0.98, y: 1, z: -0.02}
  - {x: 0.02, y: 1, z: -0.02}
  - {x: 0.99999994, y: -0.07038738, z: 0.02118644}
  - {x: 0.99999994, y: -0.07038738, z: -1.0211864}
  - {x: 0.98, y: 0, z: -0.02}
  - {x: 0.98, y: 0, z: -0.98}
  - {x: 0.99999994, y: -0.07038738, z: -1.0211864}
  - {x: 1.0000001, y: 1.0703874, z: -1.0211864}
  - {x: 0.98, y: 0.02, z: -1}
  - {x: 0.98, y: 0.98, z: -1}
  - {x: 1.0000001, y: 1.0703874, z: -1.0211864}
  - {x: 1.0000001, y: 1.0703874, z: 0.02118644}
  - {x: 0.98, y: 1, z: -0.98}
  - {x: 0.98, y: 1, z: -0.02}
  - {x: 0.98, y: 0.02, z: -1}
  - {x: 0.02, y: 0.02, z: -1}
  - {x: 0.98, y: 0, z: -0.98}
  - {x: 0.02, y: 0, z: -0.98}
  - {x: 0.02, y: 0.02, z: -1}
  - {x: 0.02, y: 0.98, z: -1}
  - {x: 0, y: 0.02, z: -0.98}
  - {x: 0, y: 0.98, z: -0.98}
  - {x: 0.02, y: 0.98, z: -1}
  - {x: 0.98, y: 0.98, z: -1}
  - {x: 0.02, y: 1, z: -0.98}
  - {x: 0.98, y: 1, z: -0.98}
  - {x: 0, y: 0.02, z: -0.98}
  - {x: 0, y: 0.02, z: -0.02}
  - {x: 0.02, y: 0, z: -0.98}
  - {x: 0.02, y: 0, z: -0.02}
  - {x: 0, y: 0.98, z: -0.02}
  - {x: 0, y: 0.98, z: -0.98}
  - {x: 0.02, y: 1, z: -0.02}
  - {x: 0.02, y: 1, z: -0.98}
  - {x: 0.02, y: 0.02, z: 0}
  - {x: 0.02, y: 0, z: -0.02}
  - {x: 0, y: 0.02, z: -0.02}
  - {x: 0.98, y: 0.02, z: 0}
  - {x: 0.98, y: 0, z: -0.02}
  - {x: 0.99999994, y: -0.07038738, z: 0.02118644}
  - {x: 0.02, y: 0.98, z: 0}
  - {x: 0, y: 0.98, z: -0.02}
  - {x: 0.02, y: 1, z: -0.02}
  - {x: 0.98, y: 0.98, z: 0}
  - {x: 1.0000001, y: 1.0703874, z: 0.02118644}
  - {x: 0.98, y: 1, z: -0.02}
  - {x: 0.99999994, y: -0.07038738, z: -1.0211864}
  - {x: 0.98, y: 0, z: -0.98}
  - {x: 0.98, y: 0.02, z: -1}
  - {x: 1.0000001, y: 1.0703874, z: -1.0211864}
  - {x: 0.98, y: 0.98, z: -1}
  - {x: 0.98, y: 1, z: -0.98}
  - {x: 0.02, y: 0.02, z: -1}
  - {x: 0.02, y: 0, z: -0.98}
  - {x: 0, y: 0.02, z: -0.98}
  - {x: 0.02, y: 0.98, z: -1}
  - {x: 0, y: 0.98, z: -0.98}
  - {x: 0.02, y: 1, z: -0.98}
  - {x: 0.99999994, y: -0.07038738, z: 0.02118644}
  - {x: 0.99999994, y: -0.07038738, z: -1.0211864}
  - {x: 1.0200491, y: -0.07038761, z: 0.021186598}
  - {x: 1.0200491, y: -0.07038761, z: -1.0211864}
  - {x: 1.0000001, y: 1.0703874, z: 0.02118644}
  - {x: 0.99999994, y: -0.07038738, z: 0.02118644}
  - {x: 1.0200493, y: 1.0703871, z: 0.021186598}
  - {x: 1.0200491, y: -0.07038761, z: 0.021186598}
  - {x: 0.99999994, y: -0.07038738, z: -1.0211864}
  - {x: 1.0000001, y: 1.0703874, z: -1.0211864}
  - {x: 1.0200491, y: -0.07038761, z: -1.0211864}
  - {x: 1.0200493, y: 1.0703871, z: -1.0211864}
  - {x: 1.0000001, y: 1.0703874, z: -1.0211864}
  - {x: 1.0000001, y: 1.0703874, z: 0.02118644}
  - {x: 1.0200493, y: 1.0703871, z: -1.0211864}
  - {x: 1.0200493, y: 1.0703871, z: 0.021186598}
  m_Textures0:
  - {x: -0.02, y: 0.02}
  - {x: -0.98, y: 0.02}
  - {x: -0.02, y: 0.98}
  - {x: -0.98, y: 0.98}
  - {x: -0.02, y: 0.02}
  - {x: -0.98, y: 0.02}
  - {x: -0.02, y: 0.98}
  - {x: -0.98, y: 0.98}
  - {x: 0.98, y: 0.02}
  - {x: 0.02, y: 0.02}
  - {x: 0.98, y: 0.98}
  - {x: 0.02, y: 0.98}
  - {x: 0.98, y: 0.02}
  - {x: 0.02, y: 0.02}
  - {x: 0.98, y: 0.98}
  - {x: 0.02, y: 0.98}
  - {x: 0.02, y: -0.02}
  - {x: 0.98, y: -0.02}
  - {x: 0.02, y: -0.98}
  - {x: 0.98, y: -0.98}
  - {x: -0.02, y: -0.98}
  - {x: -0.98, y: -0.98}
  - {x: -0.02, y: -0.02}
  - {x: -0.98, y: -0.02}
  - {x: -0.02, y: 0.014142136}
  - {x: -0.98, y: 0.014142136}
  - {x: -0.02, y: -0.014142136}
  - {x: -0.98, y: -0.014142136}
  - {x: -0.014142135, y: 0.98}
  - {x: -0.014142135, y: 0.02}
  - {x: 0.014142135, y: 0.98}
  - {x: 0.014142135, y: 0.02}
  - {x: -0.6727223, y: 0.02}
  - {x: -0.6727223, y: 0.98}
  - {x: -0.70185757, y: -0.07038738}
  - {x: -0.7018577, y: 1.0703874}
  - {x: -0.98, y: 0.6929644}
  - {x: -0.02, y: 0.6929644}
  - {x: -0.98, y: 0.7212486}
  - {x: -0.02, y: 0.7212486}
  - {x: -0.02118644, y: -0.34102866}
  - {x: 1.0211864, y: -0.34102866}
  - {x: 0.02, y: -0.26785502}
  - {x: 0.98, y: -0.26785502}
  - {x: 1.4290333, y: -0.07038738}
  - {x: 1.4290334, y: 1.0703874}
  - {x: 1.399898, y: 0.020000003}
  - {x: 1.399898, y: 0.98}
  - {x: 1.0211864, y: 1.302953}
  - {x: -0.02118644, y: 1.302953}
  - {x: 0.98, y: 1.2297794}
  - {x: 0.02, y: 1.2297794}
  - {x: 0.98, y: 0.72124857}
  - {x: 0.02, y: 0.72124857}
  - {x: 0.98, y: 0.6929643}
  - {x: 0.02, y: 0.6929643}
  - {x: 0.72124857, y: 0.02}
  - {x: 0.72124857, y: 0.98}
  - {x: 0.6929643, y: 0.02}
  - {x: 0.6929643, y: 0.98}
  - {x: 0.02, y: -0.014142123}
  - {x: 0.98, y: -0.014142123}
  - {x: 0.02, y: 0.014142123}
  - {x: 0.98, y: 0.014142123}
  - {x: 0.014142135, y: -0.98}
  - {x: 0.014142135, y: -0.02}
  - {x: -0.014142135, y: -0.98}
  - {x: -0.014142135, y: -0.02}
  - {x: 0.6929643, y: -0.02}
  - {x: 0.6929643, y: -0.98}
  - {x: 0.72124857, y: -0.02}
  - {x: 0.72124857, y: -0.98}
  - {x: -0.014142135, y: 0.008164966}
  - {x: 0, y: -0.016329931}
  - {x: 0.014142135, y: 0.008164966}
  - {x: -0.17291178, y: -0.14791428}
  - {x: -0.15322554, y: -0.1682232}
  - {x: -0.19729462, y: -0.2396978}
  - {x: -0.014142135, y: 0.8083314}
  - {x: 0.014142135, y: 0.8083314}
  - {x: 0, y: 0.83282626}
  - {x: -0.1729132, y: 1.1327041}
  - {x: -0.1972961, y: 1.2244877}
  - {x: -0.15322697, y: 1.153013}
  - {x: 1.181606, y: -0.2090401}
  - {x: 1.137537, y: -0.1375655}
  - {x: 1.1572232, y: -0.117256574}
  - {x: 1.1816072, y: 1.1938294}
  - {x: 1.1572244, y: 1.1020459}
  - {x: 1.1375382, y: 1.1223547}
  - {x: 0.7212486, y: 0.41641334}
  - {x: 0.7071065, y: 0.39191845}
  - {x: 0.6929644, y: 0.41641334}
  - {x: 0.7212486, y: 0.40008295}
  - {x: 0.6929644, y: 0.40008295}
  - {x: 0.7071065, y: 0.4245778}
  - {x: -1.0000007, y: 0.02118644}
  - {x: -1.0000007, y: -1.0211864}
  - {x: -1.0200499, y: 0.021186598}
  - {x: -1.0200499, y: -1.0211864}
  - {x: -1.0000002, y: 1.0703874}
  - {x: -1.0000001, y: -0.07038738}
  - {x: -1.0200495, y: 1.0703871}
  - {x: -1.0200492, y: -0.07038761}
  - {x: 0.99999994, y: -0.07038738}
  - {x: 1.0000001, y: 1.0703874}
  - {x: 1.0200491, y: -0.07038761}
  - {x: 1.0200493, y: 1.0703871}
  - {x: 0.99998736, y: -1.0211864}
  - {x: 0.99998736, y: 0.02118644}
  - {x: 1.0200366, y: -1.0211864}
  - {x: 1.0200366, y: 0.021186598}
  m_Textures2: []
  m_Textures3: []
  m_Tangents:
  - {x: -1, y: 0, z: 0, w: -1}
  - {x: -1, y: 0, z: 0, w: -1}
  - {x: -1, y: 0, z: 0, w: -1}
  - {x: -1, y: 0, z: 0, w: -1}
  - {x: 0, y: 0, z: 1, w: -1}
  - {x: 0, y: 0, z: 1, w: -1}
  - {x: 0, y: 0, z: 1, w: -1}
  - {x: 0, y: 0, z: 1, w: -1}
  - {x: 1, y: 0, z: 0, w: -1}
  - {x: 1, y: 0, z: 0, w: -1}
  - {x: 1, y: 0, z: 0, w: -1}
  - {x: 1, y: 0, z: 0, w: -1}
  - {x: 0, y: 0, z: -1, w: -1}
  - {x: 0, y: 0, z: -1, w: -1}
  - {x: 0, y: 0, z: -1, w: -1}
  - {x: 0, y: 0, z: -1, w: -1}
  - {x: 1, y: 0, z: 0, w: -1}
  - {x: 1, y: 0, z: 0, w: -1}
  - {x: 1, y: 0, z: 0, w: -1}
  - {x: 1, y: 0, z: 0, w: -1}
  - {x: -1, y: 0, z: 0, w: -1}
  - {x: -1, y: 0, z: 0, w: -1}
  - {x: -1, y: 0, z: 0, w: -1}
  - {x: -1, y: 0, z: 0, w: -1}
  - {x: -1, y: 0, z: 0, w: -1}
  - {x: -1, y: 0, z: 0, w: -1}
  - {x: -1, y: 0, z: 0, w: -1}
  - {x: -1, y: 0, z: 0, w: -1}
  - {x: -0.7071068, y: 0, z: -0.7071068, w: -1}
  - {x: -0.7071068, y: 0, z: -0.7071068, w: -1}
  - {x: -0.7071068, y: 0, z: -0.7071068, w: -1}
  - {x: -0.7071068, y: 0, z: -0.7071068, w: -1}
  - {x: -0.6864513, y: 0, z: -0.7271758, w: -1}
  - {x: -0.68645275, y: -3.3969564e-15, z: -0.72717446, w: -1}
  - {x: -0.68645275, y: -3.3969564e-15, z: -0.72717446, w: -1}
  - {x: -0.6864543, y: -3.3969564e-15, z: -0.727173, w: -1}
  - {x: -1, y: 0, z: 0, w: -1}
  - {x: -1, y: 0, z: 0, w: -1}
  - {x: -1, y: 0, z: 0, w: -1}
  - {x: -1, y: 0, z: 0, w: -1}
  - {x: 0, y: 0, z: -1, w: -1}
  - {x: 0, y: 0, z: -1, w: -1}
  - {x: 0, y: 0, z: -1, w: -1}
  - {x: 0, y: 0, z: -1, w: -1}
  - {x: 0.68645304, y: 0.00000023546261, z: -0.72717416, w: -1}
  - {x: 0.68645453, y: 0.0000001177313, z: -0.72717273, w: -1}
  - {x: 0.68645453, y: 0.0000001177313, z: -0.72717273, w: -1}
  - {x: 0.686456, y: 0, z: -0.7271713, w: -1}
  - {x: 0, y: 0, z: -1, w: -1}
  - {x: 0, y: 0, z: -1, w: -1}
  - {x: 0, y: 0, z: -1, w: -1}
  - {x: 0, y: 0, z: -1, w: -1}
  - {x: 1, y: 0, z: 0, w: -1}
  - {x: 1, y: 0, z: 0, w: -1}
  - {x: 1, y: 0, z: 0, w: -1}
  - {x: 1, y: 0, z: 0, w: -1}
  - {x: 0.70710725, y: 0, z: -0.7071065, w: -1}
  - {x: 0.70710725, y: 0, z: -0.7071065, w: -1}
  - {x: 0.70710725, y: 0, z: -0.7071065, w: -1}
  - {x: 0.70710725, y: 0, z: -0.7071065, w: -1}
  - {x: 1, y: 0, z: 0, w: -1}
  - {x: 1, y: 0, z: 0, w: -1}
  - {x: 1, y: 0, z: 0, w: -1}
  - {x: 1, y: 0, z: 0, w: -1}
  - {x: -0.7071068, y: 0.7071068, z: 0, w: -1}
  - {x: -0.7071068, y: 0.7071068, z: 0, w: -1}
  - {x: -0.7071068, y: 0.7071068, z: 0, w: -1}
  - {x: -0.7071068, y: 0.7071068, z: 0, w: -1}
  - {x: 0.70710725, y: 0.7071065, z: 0, w: -1}
  - {x: 0.70710725, y: 0.7071065, z: 0, w: -1}
  - {x: 0.70710725, y: 0.7071065, z: 0, w: -1}
  - {x: 0.70710725, y: 0.7071065, z: 0, w: -1}
  - {x: -0.7071068, y: 0, z: -0.7071068, w: -1}
  - {x: -0.7071068, y: 0, z: -0.7071068, w: -1}
  - {x: -0.7071068, y: 0, z: -0.7071068, w: -1}
  - {x: -0.1764406, y: 0.000000052341587, z: -0.9843113, w: -1}
  - {x: -0.1764406, y: 0.000000052341587, z: -0.9843113, w: -1}
  - {x: -0.1764406, y: 0.000000052341587, z: -0.9843113, w: -1}
  - {x: -0.7071068, y: 0, z: -0.7071068, w: -1}
  - {x: -0.7071068, y: 0, z: -0.7071068, w: -1}
  - {x: -0.7071068, y: 0, z: -0.7071068, w: -1}
  - {x: -0.17644162, y: 0.0000023933092, z: -0.9843111, w: -1}
  - {x: -0.17644162, y: 0.0000023933092, z: -0.9843111, w: -1}
  - {x: -0.17644162, y: 0.0000023933092, z: -0.9843111, w: -1}
  - {x: 0.17644079, y: 0.00000015380841, z: -0.9843113, w: -1}
  - {x: 0.17644079, y: 0.00000015380841, z: -0.9843113, w: -1}
  - {x: 0.17644079, y: 0.00000015380841, z: -0.9843113, w: -1}
  - {x: 0.17644188, y: -0.0000023907237, z: -0.9843111, w: -1}
  - {x: 0.17644188, y: -0.0000023907237, z: -0.9843111, w: -1}
  - {x: 0.17644188, y: -0.0000023907237, z: -0.9843111, w: -1}
  - {x: 0.7071072, y: 0, z: -0.70710653, w: -1}
  - {x: 0.7071072, y: 0, z: -0.70710653, w: -1}
  - {x: 0.7071072, y: 0, z: -0.70710653, w: -1}
  - {x: 0.7071072, y: 0, z: -0.70710653, w: -1}
  - {x: 0.7071072, y: 0, z: -0.70710653, w: -1}
  - {x: 0.7071072, y: 0, z: -0.70710653, w: -1}
  - {x: -1, y: 0.000011520086, z: 0, w: -1}
  - {x: -1, y: 0.000011520086, z: 0, w: -1}
  - {x: -1, y: 0.000011520086, z: 0, w: -1}
  - {x: -1, y: 0.000011520086, z: 0, w: -1}
  - {x: -1, y: 0, z: -0.00000789681, w: -1}
  - {x: -1, y: 1.3134097e-24, z: -0.000007896821, w: -1}
  - {x: -1, y: 1.3134097e-24, z: -0.000007896821, w: -1}
  - {x: -1, y: 0, z: -0.000007896833, w: -1}
  - {x: 1, y: 0, z: 0, w: -1}
  - {x: 1, y: 0, z: 0, w: -1}
  - {x: 1, y: 0, z: 0, w: -1}
  - {x: 1, y: 0, z: 0, w: -1}
  - {x: 1, y: -0.000011891667, z: 0, w: -1}
  - {x: 1, y: -0.000011891667, z: 0, w: -1}
  - {x: 1, y: -0.000011891667, z: 0, w: -1}
  - {x: 1, y: -0.000011891667, z: 0, w: -1}
  m_Colors: []
  m_UnwrapParameters:
    m_HardAngle: 88
    m_PackMargin: 20
    m_AngleError: 8
    m_AreaError: 15
  m_PreserveMeshAssetOnDestroy: 0
  assetGuid: 
  m_Mesh: {fileID: 0}
  m_IsSelectable: 1
  m_SelectedFaces: 
  m_SelectedEdges: []
  m_SelectedVertices: 
--- !u!23 &8032103667091782175
MeshRenderer:
  m_ObjectHideFlags: 0
  m_CorrespondingSourceObject: {fileID: 0}
  m_PrefabInstance: {fileID: 0}
  m_PrefabAsset: {fileID: 0}
  m_GameObject: {fileID: 8032103667091782170}
  m_Enabled: 1
  m_CastShadows: 1
  m_ReceiveShadows: 1
  m_DynamicOccludee: 1
  m_MotionVectors: 1
  m_LightProbeUsage: 1
  m_ReflectionProbeUsage: 1
  m_RayTracingMode: 2
  m_RayTraceProcedural: 0
  m_RenderingLayerMask: 1
  m_RendererPriority: 0
  m_Materials:
  - {fileID: 2100000, guid: 7732bd7674ab7ff4f9907c4b8bb9fec8, type: 2}
  - {fileID: 2100000, guid: b043653feafde9a498c209b65e6b09a7, type: 2}
  - {fileID: 2100000, guid: 890f98f17cf23dd4ab55e26de26c2641, type: 2}
  m_StaticBatchInfo:
    firstSubMesh: 0
    subMeshCount: 0
  m_StaticBatchRoot: {fileID: 0}
  m_ProbeAnchor: {fileID: 0}
  m_LightProbeVolumeOverride: {fileID: 0}
  m_ScaleInLightmap: 1
  m_ReceiveGI: 1
  m_PreserveUVs: 0
  m_IgnoreNormalsForChartDetection: 0
  m_ImportantGI: 0
  m_StitchLightmapSeams: 1
  m_SelectedEditorRenderState: 2
  m_MinimumChartSize: 4
  m_AutoUVMaxDistance: 0.5
  m_AutoUVMaxAngle: 89
  m_LightmapParameters: {fileID: 0}
  m_SortingLayerID: 0
  m_SortingLayer: 0
  m_SortingOrder: 0
  m_AdditionalVertexStreams: {fileID: 0}
--- !u!33 &8032103667091782168
MeshFilter:
  m_ObjectHideFlags: 0
  m_CorrespondingSourceObject: {fileID: 0}
  m_PrefabInstance: {fileID: 0}
  m_PrefabAsset: {fileID: 0}
  m_GameObject: {fileID: 8032103667091782170}
  m_Mesh: {fileID: 0}
--- !u!64 &8032103667091782169
MeshCollider:
  m_ObjectHideFlags: 0
  m_CorrespondingSourceObject: {fileID: 0}
  m_PrefabInstance: {fileID: 0}
  m_PrefabAsset: {fileID: 0}
  m_GameObject: {fileID: 8032103667091782170}
  m_Material: {fileID: 0}
  m_IsTrigger: 0
  m_Enabled: 1
  serializedVersion: 4
  m_Convex: 0
  m_CookingOptions: 30
  m_Mesh: {fileID: 0}
